@article{otsu_method,
  author={Nobuyuki Otsu},
  journal={IEEE Transactions on Systems, Man, and Cybernetics}, 
  title={A Threshold Selection Method from Gray-Level Histograms}, 
  year={1979},
  volume={9},
  number={1},
  pages={62-66},}


@book{serra,
  title={Image Analysis and Mathematical Morphology},
  author={Jean Serra},
  number={v. 1},
  Address={Orlando},
  isbn={9780126372427},
  lccn={81066397},
  year={1984},
  publisher={Academic Press}
}

@book{burger,
    Title = {Digital Image Processing},
    Subtitle = {An Algorithmic Introduction Using Java},
    Author = {Wilhelm Burger and Mark J. Burge},
    Publisher = {Springer},
    Edition = {2},
    Address = {Londres},
    DOI = {10.1007/978-1-4471-6684-9},
    Pages = {253-263},
    Year = {2016}
}

@article{perona,
    Author = {P. Perona and J. Malik},
    Journal = {IEEE Transactions on Pattern Analysis and Machine Intelligence},
    Title = {Scale-space and edge detection using anisotropic diffusion},
    Year = {1990},
    Volume = {12},
    Number = {7},
    Pages = {629-639}
}

@book{book_shape,
    Address = {Boca Raton},
    Author = {Luciano da Fontoura Costa and Roberto Marcondes Cesar Jr},
    Publisher = {CRC Press},
    Edition = {2},
    Year = {2009},
    Title = {Shape Classification and Analysis},
    Pages = {4, 323-335}
}

@book{book_delaunay,
    Address = {Londres},
    Author = {Jakob Andreas B{\ae}rentzen and Jens Gravesen and François Anton and Henrik Aan{\ae}s},
    Publisher = {Springer},
    Year = {2012},
    Title = {Guide to Computational Geometry Processing},
    Pages = {242}
}

@book{book_gonzalez,
    Address = {Nova Iorque},
    Author = {Rafael C. Gonzalez and Richard E. Woods},
    Publisher = {Pearson},
    Year = {2018},
    Title = {Digital Image Processing},
    Edition = {4},
    Pages = {761-826}
}

@misc{stallone,
    Author = {Eddie Russell},
    Url = {https://www.pluralsight.com/courses/fundamentals-caricature-drawing-photoshop-66},
    Urlaccessdate = {05 may 2020},
    Title = {Fundamentals of Caricature Drawing in Photoshop},
    Year = {2011}
}

@book{szeliski,
    Address = {London},
    Author = {Richard Szeliski},
    Publisher = {Springer},
    Year = {2011},
    Title = {Computer Vision},
    Subtitle = {Algorithms and applications}
}

@book{compgeometry,
    Author = {Mark de Berg and Marc van Kreveld and Mark Overmars and Otfried Schwarzkopf},
    Edition = {2},
    Address = {Berlin, Heidelberg},
    Publisher = {Springer},
    Year = {2000},
    Title = {Computational Geometry},
    Subtitle = {Algorithms and applications},
    Pages = {183-200}
}

@book{jserra,
    Address = {Fontainebleau},
    Author = {C. S. Regazzoni and G. L. Foresti and A. N. Venetsanopoulos},
    Editor = {Jean Serra and Pierre Soille},
    Publisher = {Springer},
    Volume = {2},
    Year = {1994},
    Title = {Mathematical Morphology and Its Applications to Image Processing},
    Chapter = {Statistical Pattern Spectrum for Binary Pattern Recognition},
    Pages = {186}
}

@misc{book_curvatura,
    Title = {Processamento de Imagens},
    Subtitle = {aula 09 - curvatura},
    Author = {Antonio Oliveira and Ricardo Marroquim},
    url = {https://www.lcg.ufrj.br/marroquim/courses/cos756/lessons/09-curvature.pdf},
    year={2016},
    Urlaccessdate={7 mar 2020}
}

@MastersThesis{book_targino,
    author = {André Luiz Nunes Targino da Costa},
    title = {Redução de ruído em imagens},
    school = {Universidade Federal do Rio de Janeiro},
    year = {2009},
}

@book{book_imageprocessing,
    Author = {Tinku Acharya and Ajoy K. Ray},
    Publisher = {Wiley-Interscience},
    Address = {Hoboken},
    Year = {2005},
    Title = {Image Processing: Principles and Applications},
    Pages = {131-137}
}

@misc{book_segmentation,
    Author = {CSAILVision},
    Year = {2019},
    url = {https://github.com/CSAILVision/semantic-segmentation-pytorch},
    urlaccessdate = {8 mar 2020}
}

@article{book_leaf,
    Author = {Michael Henke and Stephan Huckemann and Winfried Kurth and Branislav Sloboda},
	Journal = {Silva Fennica},
	Volume = {48},
	Number = {2},
	Url = {https://doi.org/10.14214/sf.1019},
	Title = {Reconstructing leaf growth based on non-destructive digitizing and low-parametric shape evolution for plant modelling over a growth cycle},
	Year = {2014}
}

@article{book_nncrust,
    Author = {Tamal  K. Dey and Piyush Kamar},
	Journal = {ACM-SIAM Symposium on Discrete Algorithms (SODA '99)},
	Pages = {893-894},
	Title = {A simple provable algorithm for curve reconstruction},
	Year = {1999}
}

@article{book_sorkine,
    Author = {Olga Sorkine},
	Journal = {Computer Graphics Forum},
	Publisher = {European Association for Computer Graphics},
	Volume = {25},
	Number = {4},
	Pages = {789-807},
	Title = {Differential Representations for Mesh Processing},
	Year = {2006}
}

@article{book_betaskeleton,
    Author = {D. G. Kirkpatrick and J. D. Radke},
	Journal = {Computational Geomtry},
	Pages = {217-248},
	Title = {A framework for computational morphology},
	Year = {1985}
}

@misc{book_fig_points,
    Author={Wikipedia},
    url={https://commons.wikimedia.org/wiki/File:Stationary_vs_inflection_pts.svg},
    Urlaccessdate = {26 feb 2020},
    Year={2011}
}

@misc{imageclef_2011,
    Author = {ImageCLEF},
    url = {https://www.imageclef.org/2011/Plants},
    Urlaccessdate = {01 may 2020},
    Year = {2011}
}

@article{perona_malik,
    author = {M. Borroto-Fernández and Angela Leon Mecias and Manuel González Hidalgo},
    year = {2013},
    month = {10},
    title = {Image smoothing using the Perona-Malik equation with a new estimation method of the contrast parameter},
    doi = {10.1201/b15810-13}
}

@article{book_fig_ridge,
    author = {Kent, John and Lee, Delman and Mardia, Kanti and Linney, Alf},
    year = {1997},
    month = {02},
    title = {Using Curvature Information in Shape Analysis}
}

@book{book_difgeosing,
    Author = {Shyuichi Izumiya and Maria Del Carmen Romero Fuster and Maria Aparecida Soares Ruas and Farid Tari},
    Address = {Singapura},
    Publisher = {World Scientific},
    Year = {2015},
    Title = {Differential Geometry From A Singularity Theory Viewpoint},
    Pages = {139}
}

@misc{icmc,
    author    = "ICMC",
    title     = "Instituto de Ciências Matemáticas e de Computação",
    url       = "http://www.icmc.usp.br/"
}

@book{book_manfredo,
    Author = {Manfredo Perdigão do Carmo},
    Publisher = {SBM},
    Year = {2014},
    Title = {Geometria Diferencial de Curvas e Superfícies},
    Address = {São Paulo}
}

@book{book_bruce,
    Address = {Cambridge},
    Edition = {2},
    Title = {Curves and Singularities: A Geometrical Introduction to Singularity Theory},
    DOI = {10.1017/CBO9781139172615},
    Publisher = {Cambridge University Press},
    Author = {Bruce, J. W. and Giblin, P. J.},
    Year = {1992}
}