@misc{imageclef2011,
	Author = {ImageCLEF},
	url = {https://www.imageclef.org/2011/Plants},
	Urlaccessdate = {01 may 2020},
	Year = {2011}
}

@book{book_difgeosing,
	Author = {Shyuichi Izumiya and Maria Del Carmen Romero Fuster and Maria Aparecida Soares Ruas and Farid Tari},
	Address = {Singapura},
	Publisher = {World Scientific},
	Year = {2015},
	Title = {Differential Geometry From A Singularity Theory Viewpoint},
	Pages = {139}
}

@article{Sorkine2006,
	Author = {Olga Sorkine},
	Journal = {Computer Graphics Forum},
	Publisher = {European Association for Computer Graphics},
	Volume = {25},
	Number = {4},
	Pages = {789-807},
	Title = {Differential Representations for Mesh Processing},
	Year = {2006}
}

@book{book_shape,
	Address = {Boca Raton},
	Author = {Luciano da Fontoura Costa and Roberto Marcondes Cesar Jr},
	Publisher = {CRC Press},
	Edition = {2},
	Year = {2009},
	Title = {Shape Classification and Analysis},
	Pages = {4, 323-335}
}

@misc{brethwashington,
	author={Chris Bretherton},
	title={The Fourier spectral method},
	url={https://atmos.washington.edu/~breth/classes/AM585/lect/DFT_FS_585_notes.pdf},
	urlaccessdate={1 mar 2021},
	year={2019}
}








@article{Crevier2008,
	author = {Crevier, Daniel},
	title = {Image segmentation algorithm development using ground truth image data sets},
	journal = {Comput. Vis. Image Underst.},
	issue_date = {November, 2008},
	volume = {112},
	number = {2},
	month = nov,
	year = {2008},
	issn = {1077-3142},
	pages = {143--159},
	numpages = {17},
	url = {http://dx.doi.org/10.1016/j.cviu.2008.02.002},
	doi = {10.1016/j.cviu.2008.02.002},
	acmid = {1454931},
	publisher = {Elsevier Science Inc.},
	address = {New York, NY, USA},
	keywords = {Computer vision, Data engineering tools and techniques, Edge detection, Ground truth images, Image data sets, Image segmentation, Parameter learning, Performance measures, Region growing, Stochastic optimization, Texture},
}

@INPROCEEDINGS{HuangDom1995, 
	author={Qian Huang and B. Dom}, 
	booktitle={Proceedings., International Conference on Image Processing}, 
	title={Quantitative methods of evaluating image segmentation}, 
	year={1995}, 
	volume={3}, 
	number={}, 
	pages={53-56 vol.3}, 
	keywords={image segmentation;computer vision;quantitative methods;image segmentation evaluation;ground truth;visual evaluation;computer vision;Image segmentation;Degradation;Testing;Shape;Robustness;Educational institutions;Computer vision;Polynomials}, 
	doi={10.1109/ICIP.1995.537578}, 
	month={Oct},}


@INPROCEEDINGS{Unnikrishnan2005,
	author={R. Unnikrishnan and M. Hebert},
	booktitle={2005 Seventh IEEE Workshops on Applications of Computer Vision (WACV/MOTION'05) - Volume 1},
	title={Measures of Similarity},
	year={2005},
	volume={1},
	number={},
	pages={394-394},
	keywords={computer vision;image segmentation;quantitative evaluation;image segmentation algorithm;hand-labeled image;computer vision literature;segment boundary;region sensitive refinement;segment ambiguity;Image segmentation;Computer vision;Clustering algorithms;Statistics;Labeling;Robots;Computer errors;Humans;Data mining;Stability},
	doi={10.1109/ACVMOT.2005.71},
	ISSN={null},
	month={Jan},}


@article{Schoenberg1946,
	doi = {10.1090/qam/15914},
	url = {https://doi.org/10.1090/qam/15914},
	year = {1946},
	month = apr,
	publisher = {American Mathematical Society ({AMS})},
	volume = {4},
	number = {1},
	pages = {45--99},
	author = {I. J. Schoenberg},
	title = {Contributions to the problem of approximation of equidistant data by analytic functions. Part A. On the problem of smoothing or graduation. A first class of analytic approximation formulae},
	journal = {Quarterly of Applied Mathematics}
}

@article{Lee2000,
	doi = {10.1016/s0167-8396(99)00044-8},
	url = {https://doi.org/10.1016/s0167-8396(99)00044-8},
	year = {2000},
	month = feb,
	publisher = {Elsevier {BV}},
	volume = {17},
	number = {2},
	pages = {161--177},
	author = {In-Kwon Lee},
	title = {Curve reconstruction from unorganized points},
	journal = {Computer Aided Geometric Design}
}

@article{GaoTang2019,
	added-at = {2019-02-01T00:00:00.000+0100},
	author = {Gao, Jun and Tang, Chengcheng and Ganapathi-Subramanian, Vignesh and Huang, Jiahui and Su, Hao and Guibas, Leonidas J.},
	ee = {http://arxiv.org/abs/1901.03781},
	interhash = {c939a97b9d835c98f7a438e4fb2be9c5},
	intrahash = {04505bbaef87ad85f7c75d356aa17bee},
	journal = {CoRR},
	title = {DeepSpline: Data-Driven Reconstruction of Parametric Curves and Surfaces.},
	url = {http://dblp.uni-trier.de/db/journals/corr/corr1901.html#abs-1901-03781},
	volume = {abs/1901.03781},
	year = 2019
}


@article{Jakbczak2014,
	doi = {10.1007/s40595-014-0016-7},
	url = {https://doi.org/10.1007/s40595-014-0016-7},
	year = {2014},
	month = apr,
	publisher = {Springer Science and Business Media {LLC}},
	volume = {1},
	number = {3},
	pages = {141--153},
	author = {Dariusz Jacek Jak{\'{o}}bczak},
	title = {Curve interpolation and shape modeling via probabilistic nodes combination},
	journal = {Vietnam Journal of Computer Science}
}

@article{Sorkine2005,
	doi = {10.1109/tvcg.2005.33},
	url = {https://doi.org/10.1109/tvcg.2005.33},
	year = {2005},
	month = mar,
	publisher = {Institute of Electrical and Electronics Engineers ({IEEE})},
	volume = {11},
	number = {2},
	pages = {171--180},
	author = {O. Sorkine and D. Cohen-Or and D. Irony and S. Toledo},
	title = {Geometry-aware bases for shape approximation},
	journal = {{IEEE} Transactions on Visualization and Computer Graphics}
}

@inproceedings{Taubin1995,
	doi = {10.1145/218380.218473},
	url = {https://doi.org/10.1145/218380.218473},
	year = {1995},
	publisher = {{ACM} Press},
	author = {Gabriel Taubin},
	title = {A signal processing approach to fair surface design},
	booktitle = {Proceedings of the 22nd annual conference on Computer graphics and interactive techniques  - {SIGGRAPH} 95}
}

@article{Pinkall1993,
	doi = {10.1080/10586458.1993.10504266},
	url = {https://doi.org/10.1080/10586458.1993.10504266},
	year = {1993},
	month = jan,
	publisher = {Informa {UK} Limited},
	volume = {2},
	number = {1},
	pages = {15--36},
	author = {Ulrich Pinkall and Konrad Polthier},
	title = {Computing Discrete Minimal Surfaces and Their Conjugates},
	journal = {Experimental Mathematics}
}

@article{otsu1979,
	author={Nobuyuki Otsu},
	journal={IEEE Transactions on Systems, Man, and Cybernetics}, 
	title={A Threshold Selection Method from Gray-Level Histograms}, 
	year={1979},
	volume={9},
	number={1},
	pages={62-66},}


@book{serra1984,
	title={Image Analysis and Mathematical Morphology},
	author={Jean Serra},
	number={v. 1},
	Address={Orlando},
	isbn={9780126372427},
	lccn={81066397},
	year={1984},
	publisher={Academic Press}
}

@book{burger2016,
	Title = {Digital Image Processing},
	Subtitle = {An Algorithmic Introduction Using Java},
	Author = {Wilhelm Burger and Mark J. Burge},
	Publisher = {Springer},
	Edition = {2},
	Address = {Londres},
	DOI = {10.1007/978-1-4471-6684-9},
	Pages = {253-263},
	Year = {2016}
}

@article{peronamalik1990,
	Author = {P. Perona and J. Malik},
	Journal = {IEEE Transactions on Pattern Analysis and Machine Intelligence},
	Title = {Scale-space and edge detection using anisotropic diffusion},
	Year = {1990},
	Volume = {12},
	Number = {7},
	Pages = {629-639}
}

@book{jakob2012,
	Address = {Londres},
	Author = {Jakob Andreas B{\ae}rentzen and Jens Gravesen and François Anton and Henrik Aan{\ae}s},
	Publisher = {Springer},
	Year = {2012},
	Title = {Guide to Computational Geometry Processing},
	Pages = {242}
}

@book{GonzalezWoods2018,
	Address = {Nova Iorque},
	Author = {Rafael C. Gonzalez and Richard E. Woods},
	Publisher = {Pearson},
	Year = {2018},
	Title = {Digital Image Processing},
	Edition = {4},
	Pages = {761-826}
}

@misc{stalloneFigure,
	Author = {Eddie Russell},
	Url = {https://www.pluralsight.com/courses/fundamentals-caricature-drawing-photoshop-66},
	Urlaccessdate = {05 may 2020},
	Title = {Fundamentals of Caricature Drawing in Photoshop},
	Year = {2011}
}

@book{szeliski2011,
	Address = {London},
	Author = {Richard Szeliski},
	Publisher = {Springer},
	Year = {2011},
	Title = {Computer Vision},
	Subtitle = {Algorithms and applications}
}

@book{BergKreveldSchwarzkopf2000,
	Author = {Mark de Berg and Marc van Kreveld and Mark Overmars and Otfried Schwarzkopf},
	Edition = {2},
	Address = {Berlin, Heidelberg},
	Publisher = {Springer},
	Year = {2000},
	Title = {Computational Geometry},
	Subtitle = {Algorithms and applications},
	Pages = {183-200}
}

@book{jserra1994,
	Address = {Fontainebleau},
	Author = {C. S. Regazzoni and G. L. Foresti and A. N. Venetsanopoulos},
	Editor = {Jean Serra and Pierre Soille},
	Publisher = {Springer},
	Volume = {2},
	Year = {1994},
	Title = {Mathematical Morphology and Its Applications to Image Processing},
	Chapter = {Statistical Pattern Spectrum for Binary Pattern Recognition},
	Pages = {186}
}

@misc{OliveiraMarroquim2020,
	Title = {Processamento de Imagens},
	Subtitle = {aula 09 - curvatura},
	Author = {Antonio Oliveira and Ricardo Marroquim},
	url = {https://www.lcg.ufrj.br/marroquim/courses/cos756/lessons/09-curvature.pdf},
	year={2016},
	Urlaccessdate={7 mar 2020}
}

@MastersThesis{Targino2009,
	author = {André Luiz Nunes Targino da Costa},
	title = {Redução de ruído em imagens},
	school = {Universidade Federal do Rio de Janeiro},
	year = {2009},
}

@book{AcharyaRay2005,
	Author = {Tinku Acharya and Ajoy K. Ray},
	Publisher = {Wiley-Interscience},
	Address = {Hoboken},
	Year = {2005},
	Title = {Image Processing: Principles and Applications},
	Pages = {131-137}
}

@misc{CSAILVision,
	Author = {CSAILVision},
	Year = {2019},
	url = {https://github.com/CSAILVision/semantic-segmentation-pytorch},
	urlaccessdate = {8 mar 2020}
}

@article{TamalDey1999,
	Author = {Tamal  K. Dey and Piyush Kamar},
	Journal = {ACM-SIAM Symposium on Discrete Algorithms (SODA '99)},
	Pages = {893-894},
	Title = {A simple provable algorithm for curve reconstruction},
	Year = {1999}
}

@article{Kirkpatrick1985,
	Author = {D. G. Kirkpatrick and J. D. Radke},
	Journal = {Computational Geomtry},
	Pages = {217-248},
	Title = {A framework for computational morphology},
	Year = {1985}
}

@misc{OpenCV,
	Author = {OpenCV},
	url = {https://opencv.org},
	Urlaccessdate = {20 feb 2021},
	Year = {2000}
}

@article{sorkine2004,
	author = {Sorkine, O. and Cohen-Or, D.},
	year={2004},
	journal={Proceedings of Shape Modeling International},
	pages={191-199},
	title={Least-squares meshes}
}

@misc{tomasi2007,
	author={Carlo Tomasi},
	title={Convolution, Smoothing, and Image Derivatives},
	url={https://www2.cs.duke.edu/courses/fall07/cps296.1/convolution.pdf},
	urlaccessdate={1 mar 2021},
	year={2007}
}

@mastersthesis{li1987,
	author = {Jianzhong Li},
	school = {Western Michigan University},
	title = {Shape Recognition by Curvature Changing Points and Fourier Transform},
	year = 1987
}

@article{hidalgo2013,
	author = {M. Borroto-Fernández and Angela Leon Mecias and Manuel González Hidalgo},
	year = {2013},
	month = {10},
	title = {Image smoothing using the Perona-Malik equation with a new estimation method of the contrast parameter},
	doi = {10.1201/b15810-13}
}

@book{costajr2009,
	Address = {Boca Raton},
	Author = {Luciano da Fontoura Costa and Roberto Marcondes Cesar Jr},
	Publisher = {CRC Press},
	Edition = {2},
	Year = {2009},
	Title = {Shape Classification and Analysis},
	Pages = {4, 323-335}
}