@BOOK{Mantyla88,
  author={Mântylâ, M.},
  title={An introduction to solid modeling},
  publisher={Computer Science Press},
  year={1988}
}

@BOOK{Hoffman89,
  author={Hoffmann, C. M.},
  title={Geometric and Solid Modeling: An Introduction},
  publisher={Morgan Kaufmann Publishers},
  year={1989}
}

@ARTICLE{sorkine2006,
  author={Sorkine, O.},
  Journal = {Computer Graphics Forum},
  Publisher = {European Association for Computer Graphics},
  Volume = {25},
  Number = {4},
  Pages = {789-807},
  Title = {Differential Representations for Mesh Processing},
  Year = {2006}
}

@BOOK{hagen91,
  author={Hagen, H. and Roller, D.},
  title={Geometric Modeling: Methods and Applications},
  publisher={Springer-Verlag},
  address={Berlin},
  year={1991}
}

@BOOK{agoston2005,
  author={Agoston, M.},
  title={Computer graphics and geometric modeling},
  subtitle={implementation and algorithms},
  publisher={Springer-Verlag},
  address={London},
  year={2005}
}

@PHDTHESIS{soares2007,
 author={Soares, I. P.},
 title={Movimento de malhas e remalhamento de malhas superficiais},
 address={São Carlos},
 school={ICMC-USP},
 year={2007}
}

@ARTICLE{petronetto2013,
	author = {Petronetto, F. and Paiva, A. and Helou, E. S. and Stewart, D. E. and Nonato, L. G.},
	title = {Mesh-Free Discrete Laplace–Beltrami Operator},
	journal = {Computer Graphics Forum},
	volume = {32},
	number = {6},
	pages = {214-226},
	doi = {https://doi.org/10.1111/cgf.12086},
	url = {https://onlinelibrary.wiley.com/doi/abs/10.1111/cgf.12086},
	eprint = {https://onlinelibrary.wiley.com/doi/pdf/10.1111/cgf.12086},
	year = {2013}
}

@article{pinkall:1996,
author = {Pinkall, U. and Polthier, K.},
year = {1996},
month = {11},
title = {Computing Discrete Minimal Surfaces and Their Conjugates},
volume = {2},
journal = {Experimental Mathematics},
doi = {10.1080/10586458.1993.10504266}
}

@slide{franciscoaula,
	author = {Francisco A. Rodrigues},
	title = {Análise Morfológica de Imagens}
}