@misc{imageclef2011,
	Author = {ImageCLEF},
	url = {https://www.imageclef.org/2011/Plants},
	Urlaccessdate = {01 may 2020},
	Year = {2011}
}
