%%%%%%%%%%%%%%%%%%%%%%%%%%%%%%%%%%%%%%%%%%%%%%%%%
%Referências do capitulo 2
%%%%%%%%%%%%%%%%%%%%%%%%%%%%%%%%%%%%%%%%%%%%%%%%%
@BOOK{AlGe90,
 author={ALLGOWER, E and GEORG, K},
 title={Numerical Continuation Methods},
 publisher={Sringer Verlag},
 year={1990}
}

@PHDTHESIS{Cas92,
 author={CASTELO, A.},
 title={Aproxima\c c\~oes Adaptativas de Variedades Impl\'{i}citas e Aplca\c{c}\~oes em Modelagem Impl\'{i}cita e Equa\c c\~oes Alg\'ebrico-Diferenciais},
 address={Rio},
 school={PUC-Rio},
 year={1992}
}

@ARTICLE{Cas06,
 author={CASTELO, A. and NONATO, L. G. and SIQUEIRA, M. and MINGHIM, R. and TAVARES, G.},
 title={The J1a Triangulation: an adaptive triangulation in any dimension},
 journal={Computers \& Graphics},
 volume={30},
 number={5},
 pages={737--753},
 year={2006}
}

@InProceedings{Eaves76,
  author    = {Eaves, B. C.},
  title     = {A Short Course in Equations with PL Homotopies},
  booktitle = {Proc. SIAM - AMS},
  volume    = {9},
  year      = {1976},
  editor    = {SIAM Publications}
}

@BOOK{elon_an,
 author={Lima, E. L.},
 title={Curso de An\'alise, Vol 2},
 publisher={IMPA, CNPq},
 year={2011}
}

@BOOK{elon,
 author={Lima, E. L.},
 title={Variedades Diferenci\'aveis},
 publisher={IMPA, CNPq},
 year={1981}
}

@BOOK{jacob,
 author={Palis-Jr., J.; Melo, W.},
 title={Introdu\c{c}\~ao aos Sistemas Din\^amicos},
 publisher={IMPA, CNPq},
 year={1978}
}

@BOOK{Mi,
 author={Milnor, J.},
 title={Topology form the Differentiable Viewpoint},
 publisher={The University of Virginia Press},
 year={1965}
}


%%%%%%%%%%%%%%%%%%%%%%%%%%%%%%%%%%%%%%%%%%%%%%%
%Referências do capitulo 4
%%%%%%%%%%%%%%%%%%%%%%%%%%%%%%%%%%%%%%%%%%%%%%%

@BOOK{Mantyla88,
  author={Mântylâ, M.},
  title={An introduction to solid modeling},
  publisher={Computer Science Press},
  year={1988}
}

@BOOK{Hoffman89,
  author={Hoffmann, C. M.},
  title={Geometric and Solid Modeling: An Introduction},
  publisher={Morgan Kaufmann Publishers},
  year={1989}
}

@ARTICLE{sorkine2006,
  author={Sorkine, O.},
  Journal = {Computer Graphics Forum},
  Publisher = {European Association for Computer Graphics},
  Volume = {25},
  Number = {4},
  Pages = {789-807},
  Title = {Differential Representations for Mesh Processing},
  Year = {2006}
}

@BOOK{hagen91,
  author={Hagen, H., Roller, D.},
  title={Geometric Modeling: Methods and Applications},
  publisher={Springer-Verlag},
  address={Berlin},
  year={1991}
}

@BOOK{agoston2005,
  author={Agoston, M.},
  title={Computer graphics and geometric modeling},
  subtitle={implementation and algorithms},
  publisher={Springer-Verlag},
  address={London},
  year={2005}
}

@PHDTHESIS{soares2007,
 author={Soares, I. P.},
 title={Movimento de malhas e remalhamento de malhas superficiais},
 address={São Carlos},
 school={ICMC-USP},
 year={2007}
}

@ARTICLE{petronetto2013,
	author = {Petronetto, F. and Paiva, A. and Helou, E. S. and Stewart, D. E. and Nonato, L. G.},
	title = {Mesh-Free Discrete Laplace–Beltrami Operator},
	journal = {Computer Graphics Forum},
	volume = {32},
	number = {6},
	pages = {214-226},
	doi = {https://doi.org/10.1111/cgf.12086},
	url = {https://onlinelibrary.wiley.com/doi/abs/10.1111/cgf.12086},
	eprint = {https://onlinelibrary.wiley.com/doi/pdf/10.1111/cgf.12086},
	year = {2013}
}

@article{pinkall:1996,
author = {Pinkall, Ulrich and Polthier, Konrad},
year = {1996},
month = {11},
title = {Computing Discrete Minimal Surfaces and Their Conjugates},
volume = {2},
journal = {Experimental Mathematics},
doi = {10.1080/10586458.1993.10504266}
}

@article{sorkine2004,
author = {Sorkine, O. and Cohen-Or, D.},
year={2004},
journal={Proceedings of Shape Modeling International},
pages={191-199},
title={Least-squares meshes}
}